% This file was created with JabRef 2.9.2.
% Encoding: UTF8

@article{AnomalyDetectionSurvey2009,
  title={Anomaly detection: A survey},
  author={Chandola, Varun and Banerjee, Arindam and Kumar, Vipin},
  journal={ACM computing surveys (CSUR)},
  volume={41},
  number={3},
  pages={15},
  year={2009},
  publisher={ACM}
}

@MastersThesis{MasterMichaels2014,
author = {Hayes, Michael A.},
title = {Contextual Anomaly Detection Framework for Big Sensor Data},
school = {The University of Western Ontario},
year = {2014}
}

@article{ContextualMichael2014,
  title={Contextual anomaly detection framework for big sensor data},
  author={Hayes, Michael A and Capretz, Miriam AM},
  journal={Journal of Big Data},
  volume={2},
  number={1},
  pages={2},
  year={2015},
  publisher={Springer International Publishing}
}

@inproceedings{outrohayes2014,
  title={Contextual anomaly detection in big sensor data},
  author={Hayes, Michael A and Capretz, Miriam AM},
  booktitle={Big Data (BigData Congress), 2014 IEEE International Congress on},
  pages={64--71},
  year={2014},
  organization={IEEE}
}

@inproceedings{OnlineAnomaly2015,
  title={Online anomaly detection over big data streams},
  author={Rettig, Laura and Khayati, Mourad and Cudr{\'e}-Mauroux, Philippe and Pi{\'o}rkowski, Michal},
  booktitle={Big Data (Big Data), 2015 IEEE International Conference on},
  pages={1113--1122},
  year={2015},
  organization={IEEE}
}

@InBook{AnomalyStreaming2008,
author = {Pawling, Alec and Yan, Ping and Schoenharl, Tim and Madey, Greg},
ALTeditor = {Cuzzocrea, A},
title = {Intelligent Techniques for Warehousing and Mining Sensor Network Data},
publisher = {IGI Global},
year = {2008},
chapter = {5}
}

@Article{Goldberger,
author = {Goldberger, A. L. and Amaral, L. A. N. and Glass, L. and Hausdorff, J. M. and Ivanov, P. C. and Mark, R. G. and Mietus, J. E. and Moody, G. B. and Peng, C.-K. and Stanley, H. E.},
title = {PhysioBank, PhysioToolkit, and PhysioNet: Components of a new research resource for complex physiologic signals.},
journal = {Circulation},
volume = {101},
URL = {http://circ.ahajournals.org/cgi/content/full/101/23/e215},
year = {2000}
}

@InProceedings{BayesianBelief,
author = {Janakiram, D. and Reddy, V. and Kumar, A.},
title = {Outlier Detection in Wireless Sensor Networks using Bayesian Belief Networks},
URL = {http://ieeexplore.ieee.org/document/1665221/},
booktitle = {2006 1st International Conference on Communication Systems Software \& Middleware},
year = {2006},
publisher = {IEEE},
}

@inproceedings{cohen1995fast,
  title={Fast effective rule induction},
  author={Cohen, William W},
  booktitle={Proceedings of the twelfth international conference on machine learning},
  pages={115--123},
  year={1995}
}

@article{DistributedFuzzy2013,
  title={Distributed anomaly detection for industrial wireless sensor networks based on fuzzy data modelling},
  author={Kumarage, Heshan and Khalil, Ibrahim and Tari, Zahir and Zomaya, Albert},
  journal={Journal of Parallel and Distributed Computing},
  volume={73},
  number={6},
  pages={790--806},
  year={2013},
  publisher={Elsevier}
}

@inproceedings{Ellipsoids2009,
  title={Anomaly detection by clustering ellipsoids in wireless sensor networks},
  author={Moshtaghi, Masud and Rajasegarar, Sutharshan and Leckie, Christopher and Karunasekera, Shanika},
  booktitle={Intelligent Sensors, Sensor Networks and Information Processing (ISSNIP), 2009 5th International Conference on},
  pages={331--336},
  year={2009},
  organization={IEEE}
}

@article{mapreduce2008,
  title={MapReduce: simplified data processing on large clusters},
  author={Dean, Jeffrey and Ghemawat, Sanjay},
  journal={Communications of the ACM},
  volume={51},
  number={1},
  pages={107--113},
  year={2008},
  publisher={ACM}
}

@inproceedings{kmeans++,
  title={k-means++: The advantages of careful seeding},
  author={Arthur, David and Vassilvitskii, Sergei},
  booktitle={Proceedings of the eighteenth annual ACM-SIAM symposium on Discrete algorithms},
  pages={1027--1035},
  year={2007},
  organization={Society for Industrial and Applied Mathematics}
}

@inproceedings{hierarchical2006,
  title={Hierarchical anomaly detection in distributed large-scale sensor networks},
  author={Chatzigiannakis, Vasilis and Papavassiliou, Symeon and Grammatikou, Mary and Maglaris, B},
  booktitle={Computers and Communications, 2006. ISCC'06. Proceedings. 11th IEEE Symposium on},
  pages={761--767},
  year={2006},
  organization={IEEE}
}

@article{hbos2012,
  title={Histogram-based outlier score (hbos): A fast unsupervised anomaly detection algorithm},
  author={Goldstein, Markus and Dengel, Andreas},
  journal={KI-2012: Poster and Demo Track},
  pages={59--63},
  year={2012}
}

@inproceedings{labelled2010,
  title={Labelled data collection for anomaly detection in wireless sensor networks},
  author={Suthaharan, Shan and Alzahrani, Mohammed and Rajasegarar, Sutharshan and Leckie, Christopher and Palaniswami, Marimuthu},
  booktitle={Intelligent sensors, sensor networks and information processing (ISSNIP), 2010 sixth international conference on},
  pages={269--274},
  year={2010},
  organization={IEEE}
}

@article{scikit-learn,
 title={Scikit-learn: Machine Learning in {P}ython},
 author={Pedregosa, F. and Varoquaux, G. and Gramfort, A. and Michel, V.
         and Thirion, B. and Grisel, O. and Blondel, M. and Prettenhofer, P.
         and Weiss, R. and Dubourg, V. and Vanderplas, J. and Passos, A. and
         Cournapeau, D. and Brucher, M. and Perrot, M. and Duchesnay, E.},
 journal={Journal of Machine Learning Research},
 volume={12},
 pages={2825--2830},
 year={2011}
}

@article{walt2011numpy,
  title={The NumPy array: a structure for efficient numerical computation},
  author={Walt, St{\'e}fan van der and Colbert, S Chris and Varoquaux, Gael},
  journal={Computing in Science \& Engineering},
  volume={13},
  number={2},
  pages={22--30},
  year={2011},
  publisher={IEEE}
}

@article{hunter2007matplotlib,
  title={Matplotlib: A 2D graphics environment},
  author={Hunter, John D},
  journal={Computing In Science \& Engineering},
  volume={9},
  number={3},
  pages={90--95},
  year={2007},
  publisher={IEEE}
}

@InProceedings{ mckinney-proc-scipy-2010,
  author    = { Wes McKinney },
  title     = { Data Structures for Statistical Computing in Python },
  booktitle = { Proceedings of the 9th Python in Science Conference },
  pages     = { 51 - 56 },
  year      = { 2010 },
  editor    = { St\'efan van der Walt and Jarrod Millman }
}

@online{ibrl,
  author = {Bodik, P. and Hong, W. and Guestrin, C. and Madden, S. and Paskin, M. and Thibaux, R.},
  title = {Intel Lab Data},
  year = 2004,
  url = {http://db.csail.mit.edu/labdata/labdata.html},
  urldate = {2017-07-06}
}

@article{wireless2002,
  title={Wireless sensor networks: a survey},
  author={Akyildiz, Ian F and Su, Weilian and Sankarasubramaniam, Yogesh and Cayirci, Erdal},
  journal={Computer networks},
  volume={38},
  number={4},
  pages={393--422},
  year={2002},
  publisher={Elsevier}
}

@book{modern1999,
  title={Modern information retrieval},
  author={Baeza-Yates, Ricardo and Ribeiro-Neto, Berthier and others},
  volume={463},
  year={1999},
  publisher={ACM press New York}
}

@book{bootstrap1997,
  title={Bootstrap methods and their application},
  author={Davison, Anthony Christopher and Hinkley, David Victor},
  volume={1},
  year={1997},
  publisher={Cambridge university press}
}

@comment{jabref-meta: selector_keywords:}

@comment{jabref-meta: selector_journal:}

@comment{jabref-meta: selector_publisher:}

@comment{jabref-meta: selector_author:}

@comment{jabref-meta: selector_review:}

