% This file was created with JabRef 2.9.2.
% Encoding: UTF8
@article{mvcArticle2018,
  title={A Simple MVC Framework for Web Development Courses},
  author={Arnold Rosenbloom},
  journal={WCCCE'18},
  volume={18},
  number={13},
  pages={507--520},
  year={2017},
  publisher={ACM}
}

@article{architectPHPArticle2017,
  title={Architectural Support for Server-Side PHP Processing},
  author={Dibakar Gope, David J. Schlais, Mikko H. Lipasti},
  journal={ACM SIGARCH Computer Architecture News - ISCA'17},
  volume={45},
  number={2},
  pages={1--2},
  year={2018},
  publisher={ACM}
}

@article{phpPatternsArticle2016,
  title={Evolution of method invocation and object instantiation patterns in a PHP ecosystem},
  author={Panos Kyriakakis and Alexander Chatzigeorgiou and Apostolos Ampatzoglou and Stelios Xinogalos},
  journal={PCI'16},
  volume={1},
  number={42},
  pages={1--2},
  year={2016},
  publisher={ACM}
}

@article{symfonyArticle2008,
  title={Presentation of improvements for PHP programmers, based on Symfony framework. Creation of example portal and description of used technology},
  author={J. Jarmo≈Çowicz, W. Zabierowski, A. Napieralski},
  journal={2008 International Conference on "Modern Problems of Radio Engineering, Telecommunications and Computer Science" (TCSET)},
  volume={1},
  number={42},
  pages={595--597},
  year={2008},
  publisher={IEEE}
}




@book{sommerville,
  title={Software Engineering},
  author={Ian Sommerville},
  volume={9},
  year={2010},
  publisher={Pearson}
}

@book{mysql,
  title={High Performance MySQL},
  author={Baron Schwartz, Peter Zaitsev, Vadim Tkachenko},
  volume={3},
  year={2012},
  publisher={O'Reilly Media}
}

@book{pressman,
  title={Engenharia de Software: Uma Abordagem Profissional},
  author={Roger S. Pressman},
  volume={6},
  year={2014},
  publisher={McGraw-Hill}
}

@book{kurose,
  title={Computer Networking: A Top-Down Approach},
  author={James F. Kurose, Keith W. Ross},
  volume={6},
  year={2012},
  publisher={Pearson}
}

@book{symfonyBook,
  title={Mastering Symfony},
  author={Sohlail Salehi},
  volume={1},
  year={2016},
  publisher={Packt Publishing}
}

@inbook{symfonySensioLabs,
  title={Symfony: The Book},
  author={SensioLabs},
  volume={1},
  year={2018},
  chapter={7},
  publisher={SensioLabs}
}

@comment{jabref-meta: selector_keywords:}

@comment{jabref-meta: selector_journal:}

@comment{jabref-meta: selector_publisher:}

@comment{jabref-meta: selector_author:}

@comment{jabref-meta: selector_review:}